@ARTICLE{Johnson2014,
   author = {{Johnson}, J.~A. and {Huber}, D. and {Boyajian}, T. and {Brewer}, J.~M. and
	{White}, T.~R. and {von Braun}, K. and {Maestro}, V. and {Stello}, D. and
	{Barclay}, T.},
    title = "{The Physical Parameters of the Retired a Star HD 185351}",
  journal = {\apj},
archivePrefix = "arXiv",
   eprint = {1407.2329},
 primaryClass = "astro-ph.SR",
 keywords = {stars: abundances, stars: individual: HD 185351, stars: interiors, stars: oscillations},
     year = 2014,
    month = oct,
   volume = 794,
      eid = {15},
    pages = {15},
      doi = {10.1088/0004-637X/794/1/15},
   adsurl = {http://adsabs.harvard.edu/abs/2014ApJ...794...15J},
  adsnote = {Provided by the SAO/NASA Astrophysics Data System}
}

@ARTICLE{Butler2006,
   author = {{Butler}, R.~P. and {Wright}, J.~T. and {Marcy}, G.~W. and {Fischer}, D.~A. and
	{Vogt}, S.~S. and {Tinney}, C.~G. and {Jones}, H.~R.~A. and
	{Carter}, B.~D. and {Johnson}, J.~A. and {McCarthy}, C. and
	{Penny}, A.~J.},
    title = "{Catalog of Nearby Exoplanets}",
  journal = {\apj},
   eprint = {astro-ph/0607493},
 keywords = {Stars: Planetary Systems, Stars: Activity, Stars: Chromospheres},
     year = 2006,
    month = jul,
   volume = 646,
    pages = {505-522},
      doi = {10.1086/504701},
   adsurl = {http://adsabs.harvard.edu/abs/2006ApJ...646..505B},
  adsnote = {Provided by the SAO/NASA Astrophysics Data System}
}

@ARTICLE{Howard2010,
   author = {{Howard}, A.~W. and {Marcy}, G.~W. and {Johnson}, J.~A. and
	{Fischer}, D.~A. and {Wright}, J.~T. and {Isaacson}, H. and
	{Valenti}, J.~A. and {Anderson}, J. and {Lin}, D.~N.~C. and
	{Ida}, S.},
    title = "{The Occurrence and Mass Distribution of Close-in Super-Earths, Neptunes, and Jupiters}",
  journal = {Science},
archivePrefix = "arXiv",
   eprint = {1011.0143},
 primaryClass = "astro-ph.EP",
     year = 2010,
    month = oct,
   volume = 330,
    pages = {653-},
      doi = {10.1126/science.1194854},
   adsurl = {http://adsabs.harvard.edu/abs/2010Sci...330..653H},
  adsnote = {Provided by the SAO/NASA Astrophysics Data System}
}

@ARTICLE{Petigura2013,
   author = {{Petigura}, E.~A. and {Howard}, A.~W. and {Marcy}, G.~W.},
    title = "{Prevalence of Earth-size planets orbiting Sun-like stars}",
  journal = {Proceedings of the National Academy of Science},
archivePrefix = "arXiv",
   eprint = {1311.6806},
 primaryClass = "astro-ph.EP",
 keywords = {extrasolar planets, astrobiology  },
     year = 2013,
    month = nov,
   volume = 110,
    pages = {19273-19278},
   adsurl = {http://adsabs.harvard.edu/abs/2013PNAS..11019273P},
  adsnote = {Provided by the SAO/NASA Astrophysics Data System}
}

@ARTICLE{Foreman-Mackey2014,
   author = {{Foreman-Mackey}, D. and {Hogg}, D.~W. and {Morton}, T.~D.},
    title = "{Exoplanet Population Inference and the Abundance of Earth Analogs from Noisy, Incomplete Catalogs}",
  journal = {\apj},
archivePrefix = "arXiv",
   eprint = {1406.3020},
 primaryClass = "astro-ph.EP",
 keywords = {catalogs, methods: data analysis, methods: statistical, planetary systems, stars: statistics },
     year = 2014,
    month = nov,
   volume = 795,
      eid = {64},
    pages = {64},
      doi = {10.1088/0004-637X/795/1/64},
   adsurl = {http://adsabs.harvard.edu/abs/2014ApJ...795...64F},
  adsnote = {Provided by the SAO/NASA Astrophysics Data System}
}

@ARTICLE{Johnson2010a,
   author = {{Johnson}, J.~A. and {Howard}, A.~W. and {Bowler}, B.~P. and
	{Henry}, G.~W. and {Marcy}, G.~W. and {Wright}, J.~T. and {Fischer}, D.~A. and
	{Isaacson}, H.},
    title = "{Retired A Stars and Their Companions. IV. Seven Jovian Exoplanets from Keck Observatory}",
  journal = {\pasp},
archivePrefix = "arXiv",
   eprint = {1003.3445},
 primaryClass = "astro-ph.EP",
 keywords = {Extrasolar Planets},
     year = 2010,
    month = may,
   volume = 122,
    pages = {701-711},
      doi = {10.1086/653809},
   adsurl = {http://adsabs.harvard.edu/abs/2010PASP..122..701J},
  adsnote = {Provided by the SAO/NASA Astrophysics Data System}
}

@ARTICLE{Bowler2010,
   author = {{Bowler}, B.~P. and {Johnson}, J.~A. and {Marcy}, G.~W. and
	{Henry}, G.~W. and {Peek}, K.~M.~G. and {Fischer}, D.~A. and
	{Clubb}, K.~I. and {Liu}, M.~C. and {Reffert}, S. and {Schwab}, C. and
	{Lowe}, T.~B.},
    title = "{Retired A Stars and Their Companions. III. Comparing the Mass-Period Distributions of Planets Around A-Type Stars and Sun-Like Stars}",
  journal = {\apj},
archivePrefix = "arXiv",
   eprint = {0912.0518},
 primaryClass = "astro-ph.EP",
 keywords = {planetary systems: formation, stars: individual: HD 167042 HD 192699 HD 210702 kappa CrB 6 Lyn, techniques: radial velocities},
     year = 2010,
    month = jan,
   volume = 709,
    pages = {396-410},
      doi = {10.1088/0004-637X/709/1/396},
   adsurl = {http://adsabs.harvard.edu/abs/2010ApJ...709..396B},
  adsnote = {Provided by the SAO/NASA Astrophysics Data System}
}

@ARTICLE{Lovis2007,
   author = {{Lovis}, C. and {Mayor}, M.},
    title = "{Planets around evolved intermediate-mass stars. I. Two substellar companions in the open clusters NGC 2423 and NGC 4349}",
  journal = {\aap},
archivePrefix = "arXiv",
   eprint = {0706.2174},
 keywords = {stars: individual: NGC 2423 No.~3, stars: individual: NGC 4349 No.~127, stars: planetary systems, Galaxy: open clusters and associations: individual: NGC 2423, Galaxy: open clusters and associations: individual: NGC 4349, techniques: radial velocities},
     year = 2007,
    month = sep,
   volume = 472,
    pages = {657-664},
      doi = {10.1051/0004-6361:20077375},
   adsurl = {http://adsabs.harvard.edu/abs/2007A%26A...472..657L},
  adsnote = {Provided by the SAO/NASA Astrophysics Data System}
}

@ARTICLE{Johnson2007,
   author = {{Johnson}, J.~A. and {Fischer}, D.~A. and {Marcy}, G.~W. and
	{Wright}, J.~T. and {Driscoll}, P. and {Butler}, R.~P. and {Hekker}, S. and
	{Reffert}, S. and {Vogt}, S.~S.},
    title = "{Retired A Stars and Their Companions: Exoplanets Orbiting Three Intermediate-Mass Subgiants}",
  journal = {\apj},
archivePrefix = "arXiv",
   eprint = {0704.2455},
 keywords = {Stars: Planetary Systems: Formation, stars: individual (HD 192699), stars: individual (HD 210702), stars: individual (HD 175541), Techniques: Radial Velocities},
     year = 2007,
    month = aug,
   volume = 665,
    pages = {785-793},
      doi = {10.1086/519677},
   adsurl = {http://adsabs.harvard.edu/abs/2007ApJ...665..785J},
  adsnote = {Provided by the SAO/NASA Astrophysics Data System}
}

@ARTICLE{Aigrain2012,
   author = {{Aigrain}, S. and {Pont}, F. and {Zucker}, S.},
    title = "{A simple method to estimate radial velocity variations due to stellar activity using photometry}",
  journal = {\mnras},
archivePrefix = "arXiv",
   eprint = {1110.1034},
 primaryClass = "astro-ph.SR",
 keywords = {methods: data analysis, techniques: photometric, techniques: radial velocities, Sun: activity, planetary systems, stars: individual: HD 189733},
     year = 2012,
    month = feb,
   volume = 419,
    pages = {3147-3158},
      doi = {10.1111/j.1365-2966.2011.19960.x},
   adsurl = {http://adsabs.harvard.edu/abs/2012MNRAS.419.3147A},
  adsnote = {Provided by the SAO/NASA Astrophysics Data System}
}

@ARTICLE{Haywood2014,
   author = {{Haywood}, R.~D. and {Collier Cameron}, A. and {Queloz}, D. and
	{Barros}, S.~C.~C. and {Deleuil}, M. and {Fares}, R. and {Gillon}, M. and
	{Lanza}, A.~F. and {Lovis}, C. and {Moutou}, C. and {Pepe}, F. and
	{Pollacco}, D. and {Santerne}, A. and {S{\'e}gransan}, D. and
	{Unruh}, Y.~C.},
    title = "{Planets and stellar activity: hide and seek in the CoRoT-7 system}",
  journal = {\mnras},
archivePrefix = "arXiv",
   eprint = {1407.1044},
 primaryClass = "astro-ph.EP",
 keywords = {techniques: radial velocities, stars: activity, stars: individual: CoRoT-7, planetary systems},
     year = 2014,
    month = sep,
   volume = 443,
    pages = {2517-2531},
      doi = {10.1093/mnras/stu1320},
   adsurl = {http://adsabs.harvard.edu/abs/2014MNRAS.443.2517H},
  adsnote = {Provided by the SAO/NASA Astrophysics Data System}
}

@ARTICLE{Dumusque2011,
   author = {{Dumusque}, X. and {Lovis}, C. and {S{\'e}gransan}, D. and {Mayor}, M. and
	{Udry}, S. and {Benz}, W. and {Bouchy}, F. and {Lo Curto}, G. and
	{Mordasini}, C. and {Pepe}, F. and {Queloz}, D. and {Santos}, N.~C. and
	{Naef}, D.},
    title = "{The HARPS search for southern extra-solar planets. XXX. Planetary systems around stars with solar-like magnetic cycles and short-term activity variation}",
  journal = {\aap},
archivePrefix = "arXiv",
   eprint = {1107.1748},
 primaryClass = "astro-ph.EP",
 keywords = {planetary systems, techniques: radial velocities, stars: individual: HD 7199, stars: individual: HD 7449, stars: individual: HD 137388, stars: individual: HD 204941},
     year = 2011,
    month = nov,
   volume = 535,
      eid = {A55},
    pages = {A55},
      doi = {10.1051/0004-6361/201117148},
   adsurl = {http://adsabs.harvard.edu/abs/2011A%26A...535A..55D},
  adsnote = {Provided by the SAO/NASA Astrophysics Data System}
}

@ARTICLE{Hatzes2012,
   author = {{Hatzes}, A.~P. and {Zechmeister}, M. and {Matthews}, J. and
	{Kuschnig}, R. and {Walker}, G.~A.~H. and {D{\"o}llinger}, M. and
	{Guenther}, D.~B. and {Moffat}, A.~F.~J. and {Rucinski}, S.~M. and
	{Sasselov}, D. and {Weiss}, W.~W.},
    title = "{The mass of the planet-hosting giant star {$\beta$} Geminorum determined from its p-mode oscillation spectrum}",
  journal = {\aap},
archivePrefix = "arXiv",
   eprint = {1205.5889},
 primaryClass = "astro-ph.SR",
 keywords = {techniques: radial velocities, stars: individual:{$\beta$}Geminorum, stars: late-type},
     year = 2012,
    month = jul,
   volume = 543,
      eid = {A98},
    pages = {A98},
      doi = {10.1051/0004-6361/201219332},
   adsurl = {http://adsabs.harvard.edu/abs/2012A%26A...543A..98H},
  adsnote = {Provided by the SAO/NASA Astrophysics Data System}
}

@ARTICLE{Kjeldsen1995,
   author = {{Kjeldsen}, H. and {Bedding}, T.~R.},
    title = "{Amplitudes of stellar oscillations: the implications for asteroseismology.}",
  journal = {\aap},
   eprint = {astro-ph/9403015},
 keywords = {SUN: OSCILLATIONS, STARS: INDIVIDUAL: $\{$ALPHA$\}$ CEN, STARS: INDIVIDUAL: PROCYON, STARS: OSCILLATIONS, CEPHEIDS, $\{$DELTA$\}$ SCT},
     year = 1995,
    month = jan,
   volume = 293,
    pages = {87-106},
   adsurl = {http://adsabs.harvard.edu/abs/1995A%26A...293...87K},
  adsnote = {Provided by the SAO/NASA Astrophysics Data System}
}

@ARTICLE{Wright2005,
   author = {{Wright}, J.~T.},
    title = "{Radial Velocity Jitter in Stars from the California and Carnegie Planet Search at Keck Observatory}",
  journal = {\pasp},
   eprint = {astro-ph/0505214},
 keywords = {Stars: Activity, Techniques: Radial Velocities},
     year = 2005,
    month = jul,
   volume = 117,
    pages = {657-664},
      doi = {10.1086/430369},
   adsurl = {http://adsabs.harvard.edu/abs/2005PASP..117..657W},
  adsnote = {Provided by the SAO/NASA Astrophysics Data System}
}
